ISA*00*          *00*          *ZZ*BR1000002      *ZZ*MOUNTAINOUT    *170209*0300*U*00400*000001348*0*P*>\
GS*RA*BR1000002*MOUNTAINOUT*20170209*0300*248*X*004010\
ST*820*000000238\
BPR*I*93009.43*C*ACH*CCD*01*053000219*DA*2047460021570*9991000010**01*071923284*DA*8765115965*20170213\
TRN*1*0377468\
CUR*PR*USD\
REF*CK*0377468\
DTM*097*20170208\
N1*PE*BLUE RHINO - CYL. EXCHANGE\
N1*RI**93*70244\
N1*PR*LOWES\
ENT*1\
NM1*AO*2*BLUE RHINO - CYL. EXCHANGE\
RMR*IV*BLRH011317**93009.43*93009.43\
NTE*ZZZ*BLRH011317 TXT\
REF*VV*342218\
DTM*003*20170113\
SE*16*000000238\
GE*1*248\
IEA*1*000001348\